@article{jardin2004triangular,
  title={A triangular finite element with first-derivative continuity applied to fusion MHD applications},
  author={Jardin, Stephen C},
  journal={Journal of Computational Physics},
  volume={200},
  number={1},
  pages={133--152},
  year={2004},
  publisher={Elsevier}
}
@article{jardin2007high,
  title={A high-order implicit finite element method for integrating the two-fluid magnetohydrodynamic equations in two dimensions},
  author={Jardin, Stephen C and Breslau, J and Ferraro, N},
  journal={Journal of Computational Physics},
  volume={226},
  number={2},
  pages={2146--2174},
  year={2007},
  publisher={RPI}
}

@article{ferraro2009calculations,
  title={Calculations of two-fluid magnetohydrodynamic axisymmetric steady-states},
  author={Ferraro, NM and Jardin, Stephen C},
  journal={Journal of Computational Physics},
  volume={228},
  number={20},
  pages={7742--7770},
  year={2009},
  publisher={Elsevier}
}
@article{jardin2012review,
  title={Review of implicit methods for the magnetohydrodynamic description of magnetically confined plasmas},
  author={Jardin, Stephen C},
  journal={Journal of Computational Physics},
  volume={231},
  number={3},
  pages={822--838},
  year={2012},
  publisher={Elsevier}
}
@article{jardin2012multiple,
  title={Multiple timescale calculations of sawteeth and other global macroscopic dynamics of tokamak plasmas},
  author={Jardin, Stephen C and Ferraro, N and Breslau, J and Chen, J},
  journal={Computational Science \& Discovery},
  volume={5},
  number={1},
  pages={014002},
  year={2012},
  publisher={IOP Publishing}
}
@inproceedings{adams2009scaling,
  title={Scaling to 150K cores: Recent algorithm and performance engineering developments enabling XGC1 to run at scale},
  author={Adams, Mark F and Ku, Seung Hoe and Worley, Patrick and D'Azevedo, Ed and Cummings, Julian C and Chang, CS},
  booktitle={Journal of Physics: Conference Series},
  volume={180},
  number={1},
  pages={012036},
  year={2009},
  organization={IOP Publishing}
}
@article{sugiyama2001studies,
  title={Studies of spherical tori, stellarators and anisotropic pressure with the M3D code},
  author={Sugiyama, LE and Park, W and Strauss, HR and Hudson, SR and Stutman, D and Tang, X-Z},
  journal={Nuclear fusion},
  volume={41},
  number={6},
  pages={739},
  year={2001},
  publisher={IOP Publishing}
}
@article{li20053d,
  title={3D anisotropic mesh adaptation by mesh modification},
  author={Li, Xiangrong and Shephard, Mark S and Beall, Mark W},
  journal={Computer Methods in Applied Mechanics and Engineering},
  volume={194},
  number={48},
  pages={4915--4950},
  year={2005},
  publisher={Elsevier}
}
@article{alauzet2006parallel,
  title={Parallel anisotropic 3D mesh adaptation by mesh modification},
  author={Alauzet, Fr{\'e}d{\'e}ric and Li, Xiangrong and Seol, E Seegyoung and Shephard, Mark S},
  journal={Engineering with Computers},
  volume={21},
  number={3},
  pages={247--258},
  year={2006},
  publisher={Springer}
}
@article{shephardmethods,
  title={METHODS AND TOOLS FOR PARALLEL ANISOTROPIC MESH ADAPTATION AND ANALYSIS},
  author={Shephard, Mark S and Seol, E Seegyoung and Smith, Cameron W and Mubarak, Misbah and Ovcharenko, Aleksandr and Sahni, Onkar},
  journal={Proceeding ADMOS} ,
  year={2013}
}
@article{zhou2012unstructured,
  title={Unstructured mesh partition improvement for implicit finite element at extreme scale},
  author={Zhou, Min and Sahni, Onkar and Xie, Ting and Shephard, Mark S and Jansen, Kenneth E},
  journal={The Journal of Supercomputing},
  volume={59},
  number={3},
  pages={1218--1228},
  year={2012},
  publisher={Springer}
}
@article{zhou2012tools,
  title={Tools to support mesh adaptation on massively parallel computers},
  author={Zhou, Min and Xie, Ting and Seol, Seegyoung and Shephard, Mark S and Sahni, Onkar and Jansen, Kenneth E},
  journal={Engineering with Computers},
  volume={28},
  number={3},
  pages={287--301},
  year={2012},
  publisher={Springer}
}

@article{zienkiewicz1992superconvergent2,
  title={The superconvergent patch recovery and a posteriori error estimates. Part 2: Error estimates and adaptivity},
  author={Zienkiewicz, Olgierd Cecil and Zhu, Jian Zhong},
  journal={International Journal for Numerical Methods in Engineering},
  volume={33},
  number={7},
  pages={1365--1382},
  year={1992},
  publisher={Wiley Online Library}
}
@article{zienkiewicz1992superconvergent,
  title={The superconvergent patch recovery and a posteriori error estimates. Part 1: The recovery technique},
  author={Zienkiewicz, Olgierd Cecil and Zhu, Jian Zhong},
  journal={International Journal for Numerical Methods in Engineering},
  volume={33},
  number={7},
  pages={1331--1364},
  year={1992},
  publisher={Wiley Online Library}
}
@article{gratsch2005posteriori,
  title={A posteriori error estimation techniques in practical finite element analysis},
  author={Gr{\"a}tsch, Thomas and Bathe, Klaus-J{\"u}rgen},
  journal={Computers \& structures},
  volume={83},
  number={4},
  pages={235--265},
  year={2005},
  publisher={Elsevier}
}
@article{zienkiewicz1987simple,
  title={A simple error estimator and adaptive procedure for practical engineerng analysis},
  author={Zienkiewicz, Olgierd C and Zhu, Jian Z},
  journal={International Journal for Numerical Methods in Engineering},
  volume={24},
  number={2},
  pages={337--357},
  year={1987},
  publisher={Wiley Online Library}
}

@book{ainsworth2011posteriori,
  title={A posteriori error estimation in finite element analysis},
  author={Ainsworth, Mark and Oden, J Tinsley},
  year={2011},
  publisher={Wiley-Interscience}
}

@book{designpattern,
  title={Design Patterns},
  author={Erich Gamma and Richard Helm and Ralph Johnson and John Vlissides},
  year={1994},
  publisher={Addison Wesley}
}

@PhdThesis{sahni2007automated,
  author={Sahni, Onkar},
  year={2007},
  title={Automated Adaptive Viscous Flow Simulations},
  school = {Rensselaer Polytechnic Institute},
}

@article{fidkowski2011review,
  title={Review of output-based error estimation and mesh adaptation in computational fluid dynamics},
  author={Fidkowski, Krzysztof J and Darmofal, David L},
  journal={AIAA journal},
  volume={49},
  number={4},
  pages={673--694},
  year={2011}
}

@book{goedbloed2004principles,
  title={Principles of magnetohydrodynamics: With applications to laboratory and astrophysical plasmas},
  author={Goedbloed, Johan Peter and Poedts, Stefaan},
  year={2004},
  publisher={Cambridge University Press}
}

@article{pierce2000adjoint,
  title={Adjoint recovery of superconvergent functionals from {PDE} approximations},
  author={Pierce, Niles A and Giles, Michael B},
  journal={SIAM review},
  volume={42},
  number={2},
  pages={247--264},
  year={2000},
  publisher={SIAM}
}

@article{venditti2003anisotropic,
  title={Anisotropic grid adaptation for functional outputs: application to two-dimensional viscous flows},
  author={Venditti, David A and Darmofal, David L},
  journal={Journal of Computational Physics},
  volume={187},
  number={1},
  pages={22--46},
  year={2003},
  publisher={Elsevier}
}

@article{fidkowski2007triangular,
  title={A triangular cut-cell adaptive method for high-order discretizations of the compressible Navier--Stokes equations},
  author={Fidkowski, Krzysztof J and Darmofal, David L},
  journal={Journal of Computational Physics},
  volume={225},
  number={2},
  pages={1653--1672},
  year={2007},
  publisher={Elsevier}
}

@article{pagnutti2009generalized,
  title={A generalized framework for high order anisotropic mesh adaptation},
  author={Pagnutti, Doug and Ollivier-Gooch, Carl},
  journal={Computers \& Structures},
  volume={87},
  number={11},
  pages={670--679},
  year={2009},
  publisher={Elsevier}
}
@article{becker2001optimal,
  title={An optimal control approach to a posteriori error estimation in finite element methods},
  author={Becker, Roland and Rannacher, Rolf},
  journal={Acta numerica},
  volume={10},
  number={1},
  pages={1--102},
  year={2001},
  publisher={Cambridge Univ Press}
}
@article{sahni2009strong,
  title={Strong scaling analysis of a parallel, unstructured, implicit solver and the influence of the operating system interference},
  author={Sahni, Onkar and Carothers, Christopher D and Shephard, Mark S and Jansen, Kenneth E},
  journal={Scientific Programming},
  volume={17},
  number={3},
  pages={261--274},
  year={2009},
  publisher={IOS Press}
}
@article{ovcharenko2012neighborhood,
  title={Neighborhood communication paradigm to increase scalability in large-scale dynamic scientific applications},
  author={Ovcharenko, Aleksandr and Ibanez, Daniel and Delalondre, Fabien and Sahni, Onkar and Jansen, Kenneth E and Carothers, Christopher D and Shephard, Mark S},
  journal={Parallel Computing},
  volume={38},
  number={3},
  pages={140--156},
  year={2012},
  publisher={Elsevier}
}
@Misc{petsc-web-page,
            Author = "Satish Balay and Jed Brown and Kris Buschelman and William D. Gropp and Dinesh Kaushik and Matthew G. Knepley and Lois Curfman McInnes and Barry F. Smith and Hong Zhang",
            Title = "{PETSc} {W}eb page",
            Note = "http://www.mcs.anl.gov/petsc",
            Year = "2013"
          }

@Misc{petsc-ug,
            Author = "Satish Balay and Jed Brown and Kris Buschelman and William D. Gropp and Dinesh Kaushik and Matthew G. Knepley and Lois Curfman McInnes and Barry F. Smith and Hong Zhang",
            Title = "{PETSc} User's Manual Revision 3.5",
            Note = "http://www.mcs.anl.gov/petsc/petsc-current/doc/manual.pdf",
            Year = "2014"
          }

@techreport{superlu_ug99,
     AUTHOR = {X.S. Li and J.W. Demmel and J.R. Gilbert and iL. Grigori and M. Shao and
          I. Yamazaki},
     INSTITUTION = {Lawrence Berkeley National Laboratory},
     NUMBER = {LBNL-44289},
     TITLE = {{SuperLU Users' Guide}},
     MONTH = {September},
     YEAR = {1999},
     NOTE = "\url{http://crd.lbl.gov/~xiaoye/SuperLU/}.
             Last update: August 2011"
}
@article{amestoy2000multifrontal,
  title={Multifrontal parallel distributed symmetric and unsymmetric solvers},
  author={Amestoy, Patrick R and Duff, Iain S and L'Excellent, J-Y},
  journal={Computer methods in applied mechanics and engineering},
  volume={184},
  number={2},
  pages={501--520},
  year={2000},
  publisher={Elsevier}
}
@article{powell1994tree,
  title={A tree-based adaptive scheme for solution of the equations of gas dynamics and magnetohydrodynamics},
  author={Powell, Kenneth G},
  journal={Applied Numerical Mathematics},
  volume={14},
  number={1},
  pages={327--352},
  year={1994},
  publisher={Elsevier}
}
@article{powell1999solution,
  title={A solution-adaptive upwind scheme for ideal magnetohydrodynamics},
  author={Powell, Kenneth G and Roe, Philip L and Linde, Timur J and Gombosi, Tamas I and De Zeeuw, Darren L},
  journal={Journal of Computational Physics},
  volume={154},
  number={2},
  pages={284--309},
  year={1999},
  publisher={Elsevier}
}
@book{hughes2012finite,
  title={The finite element method: linear static and dynamic finite element analysis},
  author={Hughes, Thomas JR},
  year={2012},
  publisher={DoverPublications. com}
}    
@book{zienkiewicz2000finite,
  title={The Finite Element Method: Solid Mechanics},
  author={Zienkiewicz, Olgierd Cecil and Taylor, Robert Leroy},
  volume={2},
  year={2000},
  publisher={Butterworth-heinemann}
}
@PhdThesis{weiler1986topo,
  author={Weiler, Kevin J.},
  year={1986},
  title={Topological Structures for Geometric Modeling},
  school = {Rensselaer Polytechnic Institute},
}
@book{prautzsch2002bezier,
  title={B{\'e}zier and B-spline techniques},
  author={Prautzsch, Hartmut and Boehm, Wolfgang and Paluszny, Marco},
  year={2002},
  publisher={Springer}
}
@book{de2008computational,
  title={Computational geometry},
  author={De Berg, Mark and Cheong, Otfried and van Kreveld, Marc and Overmars, Mark},
  year={2008},
  publisher={Springer}
}
@Misc{simmetrix-web-page,
            Title = "{Simmetrix} web page",
            Note = "http://www.simmetrix.com/",
}
@Misc{parasolid-web-page,
            Title = "{Parasolid} {W}eb page",
            Note = "\url{http://www.plm.automation.siemens.com/en_us/products/open/parasolid/}",
}

@Misc{epsi-web-page,
            Title = "{Center for Edge Physics Simulation web page}",
            Note = "\url{http://epsi.pppl.gov/}",
}
@Misc{cemm-web-page,
            Title = "{Center for Extended MHD Modeling(CEMM) web page}",
            Note = "\url{http://w3.pppl.gov/cemm/}",
}
@article{barnhill1981c1,
  title={C1 quintic interpolation over triangles: two explicit representations},
  author={Barnhill, Robert E and Farin, Gerald},
  journal={International journal for numerical methods in engineering},
  volume={17},
  number={12},
  pages={1763--1778},
  year={1981},
  publisher={Wiley Online Library}
}
@book{strang1973analysis,
  title={An analysis of the finite element method},
  author={Strang, Gilbert and Fix, George J},
  volume={212},
  year={1973},
  publisher={Prentice-Hall Englewood Cliffs}
}
@article{strauss1998adaptive,
  title={An adaptive finite element method for magnetohydrodynamics},
  author={Strauss, HR and Longcope, DW},
  journal={Journal of Computational Physics},
  volume={147},
  number={2},
  pages={318--336},
  year={1998},
  publisher={Elsevier}
}
@article{lankalapalli2007adaptive,
  title={An adaptive finite element method for magnetohydrodynamics},
  author={Lankalapalli, S and Flaherty, JE and Shephard, MS and Strauss, H},
  journal={Journal of Computational Physics},
  volume={225},
  number={1},
  pages={363--381},
  year={2007},
  publisher={Elsevier}
}
@article{xiegeneric,
  title={Generic components for petascale adaptive unstructured mesh-based simulations},
  author={Xie, Ting and Seol, Seegyoung and Shephard, Mark S},
  journal={Engineering with Computers},
  year={2012},
  pages={1--17},
  publisher={Springer}
}
@inproceedings{seol2012parallel,
  title={A Parallel Unstructured Mesh Infrastructure},
  author={Seol, Seegyoung and Smith, Cameron W and Ibanez, Daniel A and Shephard, Mark S},
  booktitle={High Performance Computing, Networking, Storage and Analysis (SCC), 2012 SC Companion:},
  pages={1124--1132},
  year={2012},
  organization={IEEE}
}
@article{friedel1997adaptive,
  title={Adaptive mesh refinement for singular current sheets in incompressible magnetohydrodynamic flows},
  author={Friedel, Holger and Grauer, Rainer and Marliani, Christiane},
  journal={Journal of Computational Physics},
  volume={134},
  number={1},
  pages={190--198},
  year={1997},
  publisher={Elsevier}
}
@article{van2006robust,
  title={A robust moving mesh finite volume method applied to 1D hyperbolic conservation laws from magnetohydrodynamics},
  author={Van Dam, A and Zegeling, PA},
  journal={Journal of Computational Physics},
  volume={216},
  number={2},
  pages={526--546},
  year={2006},
  publisher={Elsevier}
}
@article{keppens2003adaptive,
  title={Adaptive mesh refinement for conservative systems: multi-dimensional efficiency evaluation},
  author={Keppens, Rony and Nool, M and T{\'o}th, G and Goedbloed, JP},
  journal={Computer physics communications},
  volume={153},
  number={3},
  pages={317--339},
  year={2003},
  publisher={Elsevier}
}
@article{zhilkin2007dynamic,
  title={A dynamic mesh adaptation method for magnetohydrodynamics problems},
  author={Zhilkin, Andrei Georgievich},
  journal={Computational Mathematics and Mathematical Physics},
  volume={47},
  number={11},
  pages={1819--1832},
  year={2007},
  publisher={Springer}
}
@article{ziegler1999three,
  title={A three-dimensional Cartesian adaptive mesh code for compressible magnetohydrodynamics},
  author={Ziegler, Udo},
  journal={Computer physics communications},
  volume={116},
  number={1},
  pages={65--77},
  year={1999},
  publisher={Elsevier}
}
@article{shephard2000meshing,
  title={Meshing environment for geometry-based analysis},
  author={Shephard, Mark S},
  journal={International Journal for Numerical Methods in Engineering},
  volume={47},
  number={1-3},
  pages={169--190},
  year={2000}
}
@article{li2003accounting,
  title={Accounting for curved domains in mesh adaptation},
  author={Li, Xiangrong and Shephard, Mark S and Beall, Mark W},
  journal={International Journal for Numerical Methods in Engineering},
  volume={58},
  number={2},
  pages={247--276},
  year={2003},
  publisher={Wiley Online Library}
}
@article{beall2004comparison,
  title={A comparison of techniques for geometry access related to mesh generation},
  author={Beall, Mark W and Walsh, Joe and Shephard, Mark S},
  journal={Engineering with Computers},
  volume={20},
  number={3},
  pages={210--221},
  year={2004},
  publisher={Springer}
}
@article{shephard1991automatic,
  title={Automatic three-dimensional mesh generation by the finite octree technique},
  author={Shephard, Mark S and Georges, Marcel K},
  journal={International Journal for Numerical methods in engineering},
  volume={32},
  number={4},
  pages={709--749},
  year={1991},
  publisher={Wiley Online Library}
}
@article{bottasso2004anisotropic,
  title={Anisotropic mesh adaption by metric-driven optimization},
  author={Bottasso, Carlo L},
  journal={International Journal for Numerical Methods in Engineering},
  volume={60},
  number={3},
  pages={597--639},
  year={2004},
  publisher={Wiley Online Library}
}
@PhdThesis{wan2006,
author = {Jie Wan},
title = {An automated adaptive procedure for 3D metal forming simulations},
school = {Rensselaer Polytechnic Institute},
year = {2006},
OPTkey = {?},
OPTtype = {?},
OPTaddress = {?},
OPTmonth = {?},
OPTnote = {?},
OPTannote = {?}
}
@article{zhou2010controlling,
  title={Controlling unstructured mesh partitions for massively parallel simulations},
  author={Zhou, Min and Sahni, Onkar and Devine, Karen D and Shephard, Mark S and Jansen, Kenneth E},
  journal={SIAM Journal on Scientific Computing},
  volume={32},
  number={6},
  pages={3201--3227},
  year={2010},
  publisher={SIAM}
}
@article{seol2006efficient,
  title={Efficient distributed mesh data structure for parallel automated adaptive analysis},
  author={Seol, E Seegyoung and Shephard, Mark S},
  journal={Engineering with Computers},
  volume={22},
  number={3-4},
  pages={197--213},
  year={2006},
  publisher={Springer}
}
@book{wesson2011tokamaks,
  title={Tokamaks},
  author={Wesson, John},
  volume={149},
  year={2011},
  publisher={Oxford University Press}
}
@article{stacey1982fusion,
  title={Fusion plasma analysis},
  author={Stacey Jr, Weston M},
  journal={Nucl. Sci. Eng.;(United States)},
  volume={81},
  number={4},
  year={1982},
  publisher={Wiley-Interscience, New York}
}
@book{chen1984introduction,
  title={Introduction to plasma physics and controlled fusion. Volume 1: Plasma physics},
  author={Chen, FF},
  year={1984},
  publisher={Plenum Press, New York, NY (United States)}
}
@article{akima1970new,
  title={A new method of interpolation and smooth curve fitting based on local procedures},
  author={Akima, Hiroshi},
  journal={Journal of the ACM (JACM)},
  volume={17},
  number={4},
  pages={589--602},
  year={1970},
  publisher={ACM}
}
@Misc{ezspline-web-page,
            Title = "{EZSPLINE}",
            Note = "\url{http://w3.pppl.gov/~pshare/help/pspline.htm}",
}

@book{de1978practical,
  title={A practical guide to splines},
  author={De Boor, Carl and De Boor, Carl and De Boor, Carl and De Boor, Carl},
  volume={27},
  year={1978},
  publisher={Springer-Verlag New York}
}
@article{mubarak2013parallel,
  title={A parallel ghosting algorithm for the flexible distributed mesh database},
  author={Mubarak, Misbah and Seol, Seegyoung and Lu, Qiukai and Shephard, Mark S},
  journal={Scientific Programming},
  volume={21},
  number={1},
  pages={17--42},
  year={2013},
  publisher={IOS Press}
}
@Misc{pumi-web-page,
            Title = "{PUMI Document}",
            Note = "\url{http://www.scorec.rpi.edu/~seol/PUMI.pdf}",
}
@Misc{pumi-homepage,
             Title = "{PUMI homepage}",
             Note = "\url{http://www.scorec.rpi.edu/pumi/}",
}
@Misc{m3dc1manual,
            Title = "{M3DC1 manual}",
            author="{M3DC1 team}",
            year={2012},
}
@phdthesis{li2003mesh,
  title={Mesh modification procedures for general 3D non-manifold domains},
  author={Li, Xiangrong},
  year={2003},
  school={Citeseer}
}
@article{frey1999surface,
  title={Surface mesh quality evaluation},
  author={Frey, Pascal J and Borouchaki, Houman},
  journal={International journal for numerical methods in engineering},
  volume={45},
  number={1},
  pages={101--118},
  year={1999}
}
@Misc{Efit,
            Title = "{EFIT Equilibrium and Reconstruction Fitting Code}",
            Note = "\url{https://fusion.gat.com/theory/Efit}",
}
@Misc{nersc,
   Title = "{NERSC} computational systems",
   Note="\url{http://www.nersc.gov/users/computational-systems/}"
}
@Misc{automake,
   Title = "{automake}",
   Note="\url{http://www.gnu.org/software/automake/}"
}
@Misc{cmake,
   Title = "{cmake}",
   Note="\url{http://www.cmake.org/}"
}
@article{lu2013parallel,
  title={Parallel mesh adaptation for high-order finite element methods with curved element geometry},
  author={Lu, Qiukai and Shephard, Mark S and Tendulkar, Saurabh and Beall, Mark W},
  journal={Engineering with Computers},
  pages={1--16},
  year={2013},
  publisher={Springer}
}
@article{zhou2010adjacency,
  title={Adjacency-based data reordering algorithm for acceleration of finite element computations},
  author={Zhou, Min and Sahni, Onkar and Shephard, Mark S and Carothers, Christopher D and Jansen, Kenneth E},
  journal={Scientific Programming},
  volume={18},
  number={2},
  pages={107--123},
  year={2010},
  publisher={IOS Press}
}
@article{Ferraro2011,
title={Fluid Modeling of Fusion Plasmas with M3D-C1},
author={ N. Ferraro and S. Jardin and M. Shephard and A. Bauer and J. Breslau and J. Chen and F. Delalondre and X. Luo and F. Zhang},
journal={SciDAC},
year={2011}
}
@article{Ferraro2014,
title={Resistive Wall Model in M3D-C1},
 author={ N. Ferraro and L. Lao and A. Turnbull and S. Jardin and S. Sabbagh and M. Shephard and F. Zhang},
journal={International Sherwood Fusion Theory Conference},
year={2014 submitted}
}
@book{jardin2010computational,
  title={Computational methods in plasma physics},
  author={Jardin, Stephen},
  year={2010},
  publisher={CRC Press}
}
@article{Seol2014,
title={PUMI: Parallel Unstructured Mesh Infrastructure},
 author={  E. Seegyoung Seol and Daniel A. Ibanez and Mark S. Shephard},
journal={ACM Transactions on Mathematical Software},
year={2014 submitted}
}
@phdthesis{beall1999object,
  title={An object-oriented framework for the reliable automated solution of problems in mathematical physics},
  author={Beall, Mark W},
  year={1999},
  school={Rensselaer Polytechnic Institute}
}
@book{harms2002principles,
  title={Principles of Fusion Energy},
  author={Harms, Archie A},
  year={2002},
  publisher={Allied Publishers}
}
@book{pfalzner2006introduction,
  title={An introduction to inertial confinement fusion},
  author={Pfalzner, Susanne},
  year={2006},
  publisher={CRC Press}
}
@article{chang2004numerical,
  title={Numerical study of neoclassical plasma pedestal in a tokamak geometry},
  author={Chang, CS and Ku, Seunghoe and Weitzner, H},
  journal={Physics of Plasmas (1994-present)},
  volume={11},
  number={5},
  pages={2649--2667},
  year={2004},
  publisher={AIP Publishing}
}
@article{park1999plasma,
  title={Plasma simulation studies using multilevel physics models},
  author={Park, Wonchull and Belova, EV and Fu, GY and Tang, XZ and Strauss, HR and Sugiyama, LE},
  journal={Physics of Plasmas (1994-present)},
  volume={6},
  number={5},
  pages={1796--1803},
  year={1999},
  publisher={AIP Publishing}
}
@inproceedings{Jardin2013NSTX,
    author  = {Jardin, Stephen C},
    title   = "The NONLINEAR M3D-C1 code with application to disruptive beta limits in NSTX",
    year    = {2013},
    NOTE = "\url{http://w3.pppl.gov/cemm/M3D-C1.pdf}"
}
@article{hansen2008mesh,
  title={Mesh generation technology for nuclear reactor simulation; barriers and opportunities},
  author={Hansen, Glen and Owen, Steve},
  journal={Nuclear Engineering and Design},
  volume={238},
  number={10},
  pages={2590--2605},
  year={2008},
  publisher={Elsevier}
}
@misc{Jardin2014Extend,
  Author = {Jardin, Stephen C},
  Howpublished = {PPPL Theory Research and Review Seminar},
  Year = {2014},
  Title = {Extended MHD Studies with the M3D-C1 Code},
  NOTE = "\url{https://pppl.princeton.edu/sites/pppl/files/basic_pages_files/Jardin_M3D-C1_R%26R.pdf}"
}
@article{alfven1942existence,
  title={Existence of electromagnetic-hydrodynamic waves},
  author={Alfv{\'e}n, Hannes},
  journal={Nature},
  volume={150},
  number={3805},
  pages={405--406},
  year={1942}
}
@article{alfven1950cosmical,
  title={Cosmical electrodynamics},
  author={Alfv{\'e}n, Hannes},
  journal={Coelum Periodico Bimestrale per la Divulgazione dell'Astronomia},
  volume={1},
  year={1950}
}
@book{barrett1994templates,
  title={Templates for the solution of linear systems: building blocks for iterative methods},
  author={Barrett, Richard and Berry, Michael W and Chan, Tony F and Demmel, James and Donato, June and Dongarra, Jack and Eijkhout, Victor and Pozo, Roldan and Romine, Charles and Van der Vorst, Henk},
  volume={43},
  year={1994},
  publisher={Siam}
}
@book{saad2003iterative,
  title={Iterative methods for sparse linear systems},
  author={Saad, Yousef},
  year={2003},
  publisher={Siam}
}
@book{watkins2004fundamentals,
  title={Fundamentals of matrix computations},
  author={Watkins, David S},
  volume={64},
  year={2004},
  publisher={John Wiley \& Sons}
}
@inproceedings{cuthill1969reducing,
  title={Reducing the bandwidth of sparse symmetric matrices},
  author={Cuthill, Elizabeth and McKee, James},
  booktitle={Proceedings of the 1969 24th national conference},
  pages={157--172},
  year={1969},
  organization={ACM}
}
